@book{briney2015,
  author    = {{Kristin Briney}},
  title     = {Data Management for Researchers},
  publisher = {Pelagic Publishing},
  year      = {2015},
  isbn      = {9781784270117}
}

@manual{datacite2019,
  author      = {DataCite Metadata Working Group},
  year        = {2019},
  title       = {DataCite Metadata Schema Documentation for the Publication and Citation of Research Data},
  version     = {4.3},
  institution = {DataCite e.V},
  url         = {https://doi.org/10.14454/7xq3-zf69}
}

@manual{dfg2021,
  author      = {Deutsche Forschungsgemeinschaft (DFG)},
  year        = {2021},
  title       = {Umgang mit Forschungsdaten},
  institution = {DFG},
  url         = {https://www.dfg.de/foerderung/grundlagen_rahmenbedingungen/forschungsdaten/index.html}
}

@manual{hannover2020,
  author  = {{Leibniz Universit√§t Hannover}},
  date    = {2020-08-18},
  title   = {Leitfaden zur Erstellung eines Datenmanagementplans},
  version = {2.3},
  url     = {https://www.fdm.uni-hannover.de/fileadmin/fdm/Dokumente/Leitfaden_DMP_LUH_v2.3.pdf}
}

@online{synology2022,
  author = {Synology\textsuperscript{\textregistered}},
  title  = {Download-Zentrum},
  url    = {https://www.synology.com/de-de/support/download/RS3618xs?version=7.1#utilities}
}

